@misc{acc:qq,
	title = {{Understanding Q-Q Plots {$\vert$} University of Virginia Library Research Data Services + Sciences}},
	year = {2023},
	month = mar,
	note = {[Online; accessed 17. Mar. 2023]},
	url = {https://data.library.virginia.edu/understanding-q-q-plots}
}
@article{acc:binSize,
	author = {Triveri, James D.},
	title = {{Determining Histogram Bin Width using the Freedman-Diaconis Rule}},
	journal = {Pleasure of Finding Things Out},
	year = {2019},
	month = mar,
	url = {http://www.jtrive.com/determining-histogram-bin-width-using-the-freedman-diaconis-rule.html}
}
@misc{acc:chiTh,
	author = {{}},
	title = {{Chi-Square Test [Simply explained]}},
	journal = {YouTube},
	year = {2023},
	month = mar,
	publisher = {Youtube},
	note = {[Online; accessed 17. Mar. 2023]},
	url = {https://www.youtube.com/watch?v=rpKzq64GA9Y&themeRefresh=1}
}
@article{acc:eu,
	author = {L{'}Ecuyer, Pierre},
	title = {{Tables of linear congruential generators of different sizes and good lattice structure}},
	journal = {Math. Comput.},
	volume = {68},
	number = {225},
	pages = {249--260},
	year = {1999},
	issn = {0025-5718},
	doi = {10.1090/S0025-5718-99-00996-5}
}
